@article{長島:JSME2005,
    title={機械技術の多様化と新しい学会活動-新年のご挨拶},
    author={長島, 昭},
    journal={日本機械学会誌},
    volume={108},
    number={1034},
    pages={1-2},
    year={2005},
    doi={10.1299/jsmemag.108.1034_1_1}
}

@article{渡邉:JSME2014,
    title={DNSによる反応性物質濃度の乱流シュミット数・乱流拡散係数に関する研究},
    author={渡邉 智昭 and 酒井 康彦 and 長田 孝二 and 寺島 修 and 伊藤 靖仁 and 早瀬 敏幸},
    journal={日本機械学会論文集},
    volume={80},
    number={809},
    pages={FE0008-FE0008},
    year={2014},
    doi={10.1299/transjsme.2014fe0008}
}