@comment{
%%%%%%%%%%%%%%%%%%%%%%%%%%%%%%%%%%%%%%%%%%%%%%%%%%%%%%%%%
%%%%% 日本機械学会の原稿テンプレートに記載されている参考文献 %%%%%
%%%%%%%%%%%%%%%%%%%%%%%%%%%%%%%%%%%%%%%%%%%%%%%%%%%%%%%%%
}

@article{Keer:JApplMech1984,
    author  = {Keer, L. M. and Lin, W. and Achenbach, J. D.},
    title   = {Resonance Effects for a Crack Near a Free Surface},
    journal = {Transactions of the ASME, Journal of Applied Mechanics},
    volume  = {51},
    number  = {1},
    pages   = {65--70},
    year    = {1984},
    month   = {03}
}

@article{Takeuchi:JFST2006,
    author  = {Shintaro Takeuchi and Takahiro Yamazaki and Takeo Kajishima},
    title   = {Study of Solid-Fluid Interaction in Body-Fixed Non-Inertial Frame of Reference},
    journal = {Journal of Fluid Science and Technology},
    volume  = {1},
    number  = {1},
    pages   = {1-11},
    year    = {2006}
}

@article{Karin:JSAE2010a,
    author  = {Preechar Karin and Katsunori Hanamura},
    title   = {Microscopic Visualization of {PM} Trapping and Regeneration in a Diesel Particulate Catalyst-Membrane Filter ({DPMF})},
    journal = {Transactions of Society of Automotive Engineers of Japan},
    volume  = {41},
    number  = {1},
    pages   = {103--108},
    year    = {2010}
}

@article{Karin:JSAE2010b,
    author  = {Preechar Karin and Katsunori Hanamura},
    title   = {Microscopic Visualization of Particulate Matter Trapping and Oxidation Behaviors in a Diesel Particulate Catalyst-Membrane Filter},
    journal = {Transactions of Society of Automotive Engineers of Japan},
    volume  = {41},
    number  = {4},
    pages   = {853--858},
    year    = {2010}
}

@book{Ahrendt:McGraw-Hill1951,
    author      = {Ahrendt, William R. and Taplin, John F.},
    title       = "{Automatic feedback control}",
    publisher   = {McGraw-Hill},
    pages       = {12},
    year        = {1951},
    URL         = {https://cir.nii.ac.jp/crid/1130000797527059072}
}

@inproceedings{Tagawa:ICONE2011,
    author      = {Tagawa, Akihiro, and Yamashita, Takuya},
    title       = {Development of real time sensor for under sodium viewer},
    booktitle   = {Proceedings of the 19th International Conference on Nuclear Engineering (ICONE-19)},
    place       = {Japan},
    year        = {2011},
    month       = {Jul},
    note        = {Paper No.~ICONE19-43187}
}

@inproceedings{蔦原:CMD2003,
    author      = {蔦原, 道久 and 田村, 明紀 and 片岡, 武},
    yomi        = {Tsutahara, Michihisa and Tamura, Akinori and Kataoka, Takeshi},
    title       = {差分格子ボルツマン法による界面活性剤のSISに関する研究},
    booktitle   = {日本機械学会第16回計算力学講演会講演論文集},
    volume      = {2003},
    pages       = {121--122},
    year        = {2003}
}

@article{竹内:JSME2005,
    author  = {竹内, 芳美},
    yomi    = {Takeuchi, Yoshimi},
    title   = {超精密マイクロ切削加工},
    journal = {日本機械学会論文集 C編},
    volume  = {71},
    number  = {701},
    pages   = {1-4},
    year    = {2005}
}

@article{長島:JSME2005,
    author  = {長島, 昭},
    yomi    = {Nagashima, Akira},
    title   = {機械技術の多様化と新しい学会活動---新年のご挨拶},
    journal = {日本機械学会誌},
    volume  = {108},
    number  = {1034},
    pages   = {1-2},
    year    = {2005}
}

@article{渡邉:JSME2014,
    author  = {渡邉, 智昭 and 酒井, 康彦 and 長田, 孝二 and 寺島, 修 and 伊藤, 靖仁 and 早瀬, 敏幸},
    yomi    = {Watanabe, Tomoaki and Sakai, Yasuhiko and Nagata, Koji and Terashima, Osamu and Ito, Yasumasa and Hayase, Toshiyuki},
    title   = {DNSによる反応性物質濃度の乱流シュミット数・乱流拡散係数に関する研究},
    journal = {日本機械学会論文集},
    volume  = {80},
    number  = {809},
    year    = {2014},
    doi     = {10.1299/transjsme.2014fe0008}
}

@inbook{JSME:伝熱ハンドブック1979,
    author  = {日本機械学会編},
    yomi    = {Nihonkikaigakkai},
    title   = {伝熱ハンドブック},
    year    = {1979},
    pages   = {123}
}

@online{IFLANET,
    author  = "{International Federation of Library Associations and Institutions}",
    title   = "{Digital libraries: Resources and project, IFLANET (online)}",
    url     = {http://www.ifla.org/II/htm},
    access  = {30 November, 1999}
}

@misc{亀山:特開平1990,
    author          = {亀山, 秀雄},
    yomi            = {Kameyama, Hideo},
    title           = {熱伝導性触媒体の製造方法},
    howpublished    = {特開平00-100100},
    year            = {1990}
}